@article{朱兆迪2019大数据下银行对小微企业放贷策略,
abstract = {本文基于对小微企业的信用评价,给出银行通过定量计算和定性分析测算小微企业信用贷款最高额度的方法.大数据时代下,小微企业繁多数据依附于互联网而存在,利用网络数据的透明性和便利性,帮助银行设计出贷后统计用户评论高频词变化情况和编制动态数列分析商家销售量变化趋势来实现对小微企业贷款资金使用情况的跟踪方法.最后,给出了银行完善信贷风险管理组织,加快信贷产品创新和提高业务服务能力的建议.},
author = {朱兆迪 and 尚林波 and 吴婷 and 贾玉林},
journal = {现代商业},
keywords = {贷款额度;评论高频词;动态数列;贷后跟踪},
number = {20},
pages = {116--117},
title = {大数据下银行对小微企业放贷策略},
volume = {000},
year = {2019}
}
@article{廖梦晗2020P2P,
abstract = {2016年8月,我国颁布了对于P2P网络信贷平台的管理办法,但由于国内信用体系发展还不完善,国内消费理念与国外存在很大差别,P2 P网络借贷平台对于借款人信用风险管理十分欠缺.采用模糊层次分析法(F-AHP),构建对借款人信用风险的评估模型,从模型的建立和计算的结果来看,影响因素权重占比较大的有借款人的违约情况,平台贷后对借款人的追踪程度,平台对该借款人的初步信用评估准确度,借款人信息共享程度和逾期还款笔数占总还款笔数百分比等.通过模糊层次分析法构建出的借款人信用风险评估模型,经过案例检验,可以作为P2 P网络借贷平台评估标准的参考.},
author = {廖梦晗 and 陈晨 and 张丹丹},
journal = {河南工程学院学报（社会科学版）},
keywords = {P2P;借款人;信用风险评估;模糊层次分析法(F-AHP);风险控制},
number = {001},
pages = {24--32},
title = {{P2P平台借款人信用风险评估模型构建——基于模糊层次分析法}},
volume = {035},
year = {2020}
}
@phdthesis{林佳贤2013我国小微企业融资模式研究,
abstract = {无论是发达国家还是发展中国家,"麦克米伦缺失"①现象依然存在,近年来,伴随着我国经济巨大增长的背后,小微企业的力量功不可没.但是不得不看到小微企业在自身发展中资金,技术,管理和人才问题日益突出,其中尤其以资金问题最为严重.这一现象也引起了学术界和社会的重视,有关小微企业融资的研究不断出现,本文就是在此基础上,选取小微企业融资模式为研究对象,通过对我国小微企业的现有的融资模式的现状和成因研究,得出小微企业融资难的根本原因是市场失灵下的信用风险,具体表现为由于自身的先天不足导致其融资过程中面临银行的惜贷,资本市场门槛高,还贷风险大.同时,通过小微企业整体环境的剖析,认为小微企业要真正解决融资难的问题,应当从自身的实际出发,看应当优化小微企业融资模式,从长远看,应当通过完善小微企业融资的财政政策,加强金融机构的支持,培育民间融资平台和完善小微企业的制度建设等一系列的措施,来促进小微企业融资. 本文的具体的安排如下: 第一章,通过对国内外研究小微企业融资的方法和成果进行了简要述评,论述了本文的研究目的,研究意义和研究方法,指出了本文的研究内容和创新点. 第二章,对融资和企业融资的的概念回顾,分析了融资的各参与方,通过明确小微企业的界定,阐明小微企业融资的发展的重要意义. 第三章,结合小微企业自身的因素对我国小微企业融资的特征,制约因素和发展状况进行总结,认为信息不对称是小微企业融资难的根本原因,对国内加快小微企业融资意义进行了分析. 第四章,通过对我国小微企业当前的现有模式和新模式的分析,认为从长远看,小微企业的融资模式的优化,应当配以财税为主的金融措施,金融机构的支持,民间融资平台的参与以及小微企业自身的优化的保障措施,加快小微企业融资的制度建设. 第五章,在理论的基础上,选取所在地的厦门市小微企业的银行融资为研究对象,通过分别选取国有银行,股份制银行,区域性商业银行在当地对于小微企业信贷产品,信贷业务的开展情况进行对比研究,力求对小微企业的融资模式创新的实践有更好的把握. 第六章,主要阐述了文章的不足和未来研究的方向,认为未来应当应当一方面从深入到不同的地区不同的行业来制定适宜的融资模式,一方面应当对小微企业融资中出现的具体的问题进行更加针对性的研究,力求不断地改善小微企业的融资的困境.},
author = {林佳贤},
keywords = {小微企业;融资模式;供应链金融;集群融资},
school = {武汉工程大学},
title = {我国小微企业融资模式研究},
year = {2013}
}
@phdthesis{张伟如中国商业银行对小微企业信贷融资问题研究,
abstract = {小微经济在我国整体经济体系中的重要性日益显著。从1990年以来,我国GDP保持了超过年平均9.8{\%}的高速增长,在公有制经济得到长足发展和巩固的同时,非公有制经济特别是小微企业也保持了迅猛的发展势头,并且对中国整体经济发展提供了重要的支撑作用。 相对于大中型企业,小微企业在紧跟市场需求、灵活调整经营机制方面具有天然优势,在保障充分就业、推动技术创新、克服劳动力成本不断上升方面具有不可替代的作用。当前我国正处在进一步优化经济结构、开展新型城镇化建设、向消费型社会转型重要时间节点,小微经济凭借其鲜明的特点,正发挥着越来越显著地作用。 尽管国家和政府逐步重视小微企业融资问题,但是小微企业融资仍然十分困难是不争的事实。小微企业在经营过程中,资金短缺问题仍然是制约其发展的最主要原因之一。很多小微企业的融资很大程度上被限制在自我融资的狭小范围内,发展速度和发展潜力都受到严重制约。 本文在总结前人研究成果的基础上,从经济学角度分析商业银行对小微企业“惜贷”的原因;通过对中国银行市场结构分析,分析市场集中度变化对小微企业贷款的影响;通过不同商业银行规模对小企业融资差异研究,探索不同类型商业银行对小企业的支持效率;通过XX银行小微企业信贷的经验分析,探求商业银行开展小微企业信贷的有效途径。 通过研究本文有以下结论: 第一,我国小微企业数量众多,分布行业广泛,但存在经营管理不规范、抗风险能力差等问题,小微企业金融服务也存在覆盖率低、渠道单一、供给不足等现象。本文通过运用供求关系理论分析,可以看出当前小微企业金融服务存在的巨大供需缺口。 第二,从信贷配给的理论角度,对商业银行小微企业“惜贷”的原因进行分析。逆向选择和道德风险因素导致商业银行尽管有很多可贷资金,但出于风险控制的因素只能对小微企业谨慎放贷,因此,能获得银行放贷的企业比例仍然很小,出现小微企业融资难的局面就不足为奇了。 第三,运用银行业市场结构理论,经过数据分析后指出,我国银行业集中度呈下降的趋势,伴随银行业集中度快速下降的过程中,小微企业贷款增长速度逐渐提高,其中,股份制商业银行的小微企业贷款增长速度明显高于国有大型商业银行的增长速度。 第四,我国中小商业银行在对支持小微企业融资效率方面相比大型国有银行具有优势。首先,中小银行与客户地域联系密切,对本地企业比较了解,能够解决信息不对称,大型银行不具有这一优势。其次,中小银行在关系型贷款中具有优势,其扁平化的组织机构有利于对小微企业发放关系型贷款。最后,大型国有商业银行缺乏针对小微企业的贷款激励,对经营规模小、固定资产少、抵押物不足的小微企业,贷款标准比中小商业银行苛刻。 第五,商业银行是小微企业金融服务的重要主体和供给来源,也是解决小微企业金融服务难题的关键所在。通过分析XX银行开展小微企业信贷经验,发现商业银行只有转变经营管理理念,进行差异化的市场定位,在战略、管理、营销、技术和人才等方面进行推动,加强能力建设,提高经营效率,降低服务成本,增加供给,才能为更多的小企业提供综合的金融服务,逐步解决小企业金融的供需缺口。 本文创新之处主要体现在以下四点: 第一,运用信贷配给理论,分析了商业银行对小微企业“惜贷”的原因。发现由于信息不对称的存在而引起的各类风险,总类上可以分为逆向选择和道德风险两种类型。这两种因素导致商业银行尽管有大量的可贷资金,但从强化风险控制的角度而选择对小微企业谨慎放贷,进而形成了小微企业融资难的状况。 第二,银行业集中度下降会增加中小银行业行对小微企业信贷融资。本文通过实证分析发现,随着我国银行业集中度下降,国有银行和中小银行对小微企业的贷款总额呈增加的趋势,但存在中小银行对小微企业信贷的比例增长速度高于大型银行的态势。 第三,大中小银行在支持小微企业信贷融资方面相对大型银行具有比较优势,也具有更高的效率。本文使用DEA方法研究商业银行规模结构对小微企业信贷融资的影响,将商业银行分为国有型银行、中小银行进行研究,验证大型银行和中小银行支持小微企业信贷融资效率存在差异性。 第四,通过分析XX银行开展小微企业信贷经验,发现商业银行必须转变经营管理理念,进行差异化的市场定位,在战略、管理、营销、技术和人才等方面进行推动,加强能力建设,提高经营效率,降低服务成本,增加供给,才能为更多的小企业提供综合的金融服务,逐步解决小企业金融的供需缺口。},
author = {张伟如},
keywords = {信息披露,信贷融资,商业银行,小微企业,风险控制},
school = {对外经济贸易大学},
title = {中国商业银行对小微企业信贷融资问题研究},
year = {2014}
}
@phdthesis{杨茜2016加强商业银行对小微企业信贷支持的研究,
abstract = {随着我国市场经济的不断发展,小微企业对我国国民经济和社会发展起到越来越重要的作用。小微企业作为我国经济活力和就业保障的最大来源,对我国社会稳定、技术创新具有重要的推动作用。但融资难问题一直影响着小微企业的持续发展。由于融资渠道狭窄,银行贷款成为小微企业获得融资的主要来源。然而,由于小微企业自身存在财务制度不健全、抵押担保物不足等问题,在申请贷款时存在一定难度。为了促进小微企业的发展,政府加大了扶持力度,并积极引导商业银行加强对小微企业的贷款支持。近年来,商业银行的小微企业贷款业务发展迅速,但在提供信贷支持过程中仍然存在一些问题,影响了小微企业融资难问题的解决。因此,研究商业银行如何进一步加强对小微企业的信贷支持,对促进小微企业可持续发展具有重要的意义。本文从介绍小微企业的概念和相关理论出发,分析了小微企业对经济增长的促进作用和加强小微企业信贷支持的重要性。之后通过介绍我国商业银行对小微企业信贷支持的发展现状,剖析了其中存在的问题,然后借鉴国外先进经验,对商业银行应如何加强对小微企业的信贷支持提出了相应的对策建议。最后对文章进行总结,对商业银行发展小微企业信贷业务进行展望。},
author = {杨茜},
keywords = {小微企业信贷;商业银行;发展策略;SME credit;Commercial Bank;Development Strategy},
school = {首都经济贸易大学},
title = {加强商业银行对小微企业信贷支持的研究},
year = {2016}
}
@article{;;;;2020,
author = {赵树宽;邵东;王泷;李师萌;李佳逸},
journal = {吉林大学社会科学学报},
title = {新冠肺炎疫情对吉林省企业的影响及对策建议——基于对吉林省336家企业的问卷调查},
year = {2020}
}
@article{黄凰2018时间序列分析方法及其在经济预测中的应用,
abstract = {我国经济每年都在飞速的发展与进步,那么在我国经济未来的预测上,我们可以采取时间序列分析方法对其进行准确地预测。本文介绍了时间序列的定义及时间序列常用的两种分析方法,对时间序列分析方法在国内生产总值预测和社会消费品总额预测中的应用作了简要的介绍。以期为我国的经济预测的方法提供一些意见。},
author = {黄凰},
journal = {中外企业家},
keywords = {经济预测;时间序列分析方法;应用},
number = {23},
pages = {15},
title = {时间序列分析方法及其在经济预测中的应用},
volume = {613},
year = {2018}
}
